%% This BibTeX bibliography file was created using BibDesk.
%% http://bibdesk.sourceforge.net/

%% Created for Reid Falconer at 2018-11-15 22:06:18 +0100 


%% Saved with string encoding Unicode (UTF-8) 



@article{sanderson2016weak,
	Author = {Sanderson, Eleanor and Windmeijer, Frank},
	Date-Added = {2018-11-15 18:12:19 +0000},
	Date-Modified = {2018-11-15 18:12:19 +0000},
	Journal = {Journal of Econometrics},
	Number = {2},
	Pages = {212--221},
	Publisher = {Elsevier},
	Title = {A weak instrument F-test in linear IV models with multiple endogenous variables},
	Volume = {190},
	Year = {2016}}

@techreport{Information,
	Author = {Adele Wong},
	Date-Added = {2018-11-15 15:33:29 +0000},
	Date-Modified = {2018-11-15 15:35:26 +0000},
	Institution = {LP Information},
	Title = {Global production of paracetamol reaches 147 kilo MT In 2016},
	Url = {https://www.lpinformationdata.com/paracetamol-market-report/chemical-material.html},
	Year = {2018},
	Bdsk-Url-1 = {https://www.lpinformationdata.com/paracetamol-market-report/chemical-material.html}}

@book{angrist2008mostly,
	Author = {Angrist, Joshua D and Pischke, J{\"o}rn-Steffen},
	Date-Added = {2018-11-15 15:27:45 +0000},
	Date-Modified = {2018-11-15 15:27:45 +0000},
	Publisher = {Princeton university press},
	Title = {Mostly harmless econometrics: An empiricist's companion},
	Year = {2008}}

@article{miller1981combination,
	Author = {Miller, Donald R},
	Date-Added = {2018-11-15 15:22:29 +0000},
	Date-Modified = {2018-11-15 15:22:29 +0000},
	Journal = {Drug intelligence \& clinical pharmacy},
	Number = {1},
	Pages = {3--7},
	Publisher = {SAGE Publications Sage CA: Los Angeles, CA},
	Title = {Combination Use of Nonsteroidal Anti Inflammatory Drugs},
	Volume = {15},
	Year = {1981}}

@article{berry1994estimating,
	Author = {Berry, Steven T},
	Date-Added = {2018-11-15 15:13:54 +0000},
	Date-Modified = {2018-11-15 15:13:54 +0000},
	Journal = {The RAND Journal of Economics},
	Pages = {242--262},
	Publisher = {JSTOR},
	Title = {Estimating discrete-choice models of product differentiation},
	Year = {1994}}

@article{cardell1997variance,
	Author = {Cardell, N Scott},
	Date-Added = {2018-11-15 15:13:30 +0000},
	Date-Modified = {2018-11-15 15:13:30 +0000},
	Journal = {Econometric Theory},
	Number = {2},
	Pages = {185--213},
	Publisher = {Cambridge University Press},
	Title = {Variance components structures for the extreme-value and logistic distributions with application to models of heterogeneity},
	Volume = {13},
	Year = {1997}}

@article{mcfadden1978modeling,
	Author = {McFadden, Daniel},
	Date-Added = {2018-11-15 15:11:12 +0000},
	Date-Modified = {2018-11-15 15:11:12 +0000},
	Journal = {Transportation Research Record},
	Number = {673},
	Title = {Modeling the choice of residential location},
	Year = {1978}}

@article{besanko_own-brand_2005,
	Author = {Besanko, David and Dub{\'e}, Jean-Pierre and Gupta, Sachin},
	Doi = {10.1287/mksc.1030.0043},
	File = {besanko dube gupta_ own brand and cross-brand retail pass-through.pdf:/Users/17867029/Zotero/storage/2XE723SZ/besanko dube gupta_ own brand and cross-brand retail pass-through.pdf:application/pdf},
	Issn = {0732-2399, 1526-548X},
	Journal = {Marketing Science},
	Language = {en},
	Month = feb,
	Number = {1},
	Pages = {123--137},
	Title = {Own-{Brand} and {Cross}-{Brand} {Retail} {Pass}-{Through}},
	Url = {http://pubsonline.informs.org/doi/10.1287/mksc.1030.0043},
	Urldate = {2018-10-25},
	Volume = {24},
	Year = {2005},
	Bdsk-Url-1 = {http://pubsonline.informs.org/doi/10.1287/mksc.1030.0043},
	Bdsk-Url-2 = {https://dx.doi.org/10.1287/mksc.1030.0043}}

@article{chevalier_why_2003,
	Author = {Chevalier, Judith A. and Kashyap, Anil K. and Rossi, Peter E.},
	File = {chevalieretal_whydont prices rise during periods of peak demand.pdf:/Users/17867029/Zotero/storage/RRBZZGAE/chevalieretal_whydont prices rise during periods of peak demand.pdf:application/pdf},
	Journal = {American Economic Review},
	Number = {1},
	Pages = {15--37},
	Shorttitle = {Why don't prices rise during periods of peak demand?},
	Title = {Why don't prices rise during periods of peak demand? {Evidence} from scanner data},
	Volume = {93},
	Year = {2003}}

@article{chintagunta_balancing_2003,
	Author = {Chintagunta, Pradeep K. and Dub{\'e}, Jean-Pierre and Singh, Vishal},
	File = {chintagunta dube singh _ balancing profitability and consumer welfare in a supermarket chain.pdf:/Users/17867029/Zotero/storage/5G53PN4U/chintagunta dube singh _ balancing profitability and consumer welfare in a supermarket chain.pdf:application/pdf},
	Journal = {Quantitative Marketing and Economics},
	Number = {1},
	Pages = {111--147},
	Title = {Balancing profitability and customer welfare in a supermarket chain},
	Volume = {1},
	Year = {2003}}

@article{chintagunta_investigating_2002,
	Author = {Chintagunta, Pradeep K.},
	Doi = {10.1509/jmkr.39.2.141.19090},
	File = {Chintagunta_Investigating_Category_Pricing_Behavior_at_a_Retai.pdf:/Users/17867029/Zotero/storage/BTNT6RY4/Chintagunta_Investigating_Category_Pricing_Behavior_at_a_Retai.pdf:application/pdf},
	Issn = {0022-2437, 1547-7193},
	Journal = {Journal of Marketing Research},
	Language = {en},
	Month = may,
	Number = {2},
	Pages = {141--154},
	Title = {Investigating {Category} {Pricing} {Behavior} at a {Retail} {Chain}},
	Url = {http://journals.sagepub.com/doi/10.1509/jmkr.39.2.141.19090},
	Urldate = {2018-10-25},
	Volume = {39},
	Year = {2002},
	Bdsk-Url-1 = {http://journals.sagepub.com/doi/10.1509/jmkr.39.2.141.19090},
	Bdsk-Url-2 = {https://dx.doi.org/10.1509/jmkr.39.2.141.19090}}

@article{chintagunta_structural_2006,
	Author = {Chintagunta, Pradeep and Erdem, T{\"u}lin and Rossi, Peter E. and Wedel, Michel},
	Doi = {10.1287/mksc.1050.0161},
	File = {chintagunte et al_ structural modeling in marketing - review and assessment.pdf:/Users/17867029/Zotero/storage/9ZA23XRP/chintagunte et al_ structural modeling in marketing - review and assessment.pdf:application/pdf},
	Issn = {0732-2399, 1526-548X},
	Journal = {Marketing Science},
	Language = {en},
	Month = nov,
	Number = {6},
	Pages = {604--616},
	Shorttitle = {Structural {Modeling} in {Marketing}},
	Title = {Structural {Modeling} in {Marketing}: {Review} and {Assessment}},
	Url = {http://pubsonline.informs.org/doi/10.1287/mksc.1050.0161},
	Urldate = {2018-10-25},
	Volume = {25},
	Year = {2006},
	Bdsk-Url-1 = {http://pubsonline.informs.org/doi/10.1287/mksc.1050.0161},
	Bdsk-Url-2 = {https://dx.doi.org/10.1287/mksc.1050.0161}}

@article{kadiyali_structural_2001,
	Author = {Kadiyali, Vrinda and Sudhir, K. and Rao, Vithala R.},
	File = {kadiyali sudhir rao _ structural analysis of competitive behavior - new emp IP methods in marketing.pdf:/Users/17867029/Zotero/storage/KM76CKZF/kadiyali sudhir rao _ structural analysis of competitive behavior - new emp IP methods in marketing.pdf:application/pdf},
	Journal = {International Journal of Research in Marketing},
	Number = {1-2},
	Pages = {161--186},
	Shorttitle = {Structural analysis of competitive behavior},
	Title = {Structural analysis of competitive behavior: {New} empirical industrial organization methods in marketing},
	Volume = {18},
	Year = {2001}}

@article{meza_private_2010,
	Author = {Meza, Sergio and Sudhir, K.},
	Doi = {10.1007/s11129-010-9085-9},
	File = {MezaSudhirPrivateLabel.pdf:/Users/17867029/Zotero/storage/6JSDC4VM/MezaSudhirPrivateLabel.pdf:application/pdf},
	Issn = {1570-7156, 1573-711X},
	Journal = {Quantitative Marketing and Economics},
	Language = {en},
	Month = sep,
	Number = {3},
	Pages = {333--363},
	Title = {Do private labels increase retailer bargaining power?},
	Url = {http://link.springer.com/10.1007/s11129-010-9085-9},
	Urldate = {2018-10-25},
	Volume = {8},
	Year = {2010},
	Bdsk-Url-1 = {http://link.springer.com/10.1007/s11129-010-9085-9},
	Bdsk-Url-2 = {https://dx.doi.org/10.1007/s11129-010-9085-9}}

@article{nevo_why_2002,
	Author = {Nevo, Aviv and Wolfram, Catherine},
	Doi = {10.2307/3087436},
	File = {nevowolfram_coupons.pdf:/Users/17867029/Zotero/storage/S3P59EUD/nevowolfram_coupons.pdf:application/pdf},
	Issn = {07416261},
	Journal = {The RAND Journal of Economics},
	Number = {2},
	Pages = {319},
	Shorttitle = {Why {Do} {Manufacturers} {Issue} {Coupons}?},
	Title = {Why {Do} {Manufacturers} {Issue} {Coupons}? {An} {Empirical} {Analysis} of {Breakfast} {Cereals}},
	Url = {http://doi.wiley.com/10.2307/3087436},
	Urldate = {2018-10-25},
	Volume = {33},
	Year = {2002},
	Bdsk-Url-1 = {http://doi.wiley.com/10.2307/3087436},
	Bdsk-Url-2 = {https://dx.doi.org/10.2307/3087436}}

@article{sudhir_structural_2001,
	Author = {Sudhir, K.},
	Doi = {10.1287/mksc.20.3.244.9764},
	File = {sudhir _ structural analysis of manufacturer pricing in the presence of a strategic retailer.pdf:/Users/17867029/Zotero/storage/TZYB9NMT/sudhir _ structural analysis of manufacturer pricing in the presence of a strategic retailer.pdf:application/pdf},
	Issn = {0732-2399, 1526-548X},
	Journal = {Marketing Science},
	Language = {en},
	Month = aug,
	Number = {3},
	Pages = {244--264},
	Title = {Structural {Analysis} of {Manufacturer} {Pricing} in the {Presence} of a {Strategic} {Retailer}},
	Url = {http://pubsonline.informs.org/doi/abs/10.1287/mksc.20.3.244.9764},
	Urldate = {2018-10-25},
	Volume = {20},
	Year = {2001},
	Bdsk-Url-1 = {http://pubsonline.informs.org/doi/abs/10.1287/mksc.20.3.244.9764},
	Bdsk-Url-2 = {https://dx.doi.org/10.1287/mksc.20.3.244.9764}}
